<record><leader>00000cas a22000007a 4500</leader><controlfield tag="001">12292939</controlfield><controlfield tag="008">850723c19849999okudn ne      0   a0eng d</controlfield><datafield ind1=" " ind2=" " tag="010"><subfield code="a">sn 85009922 </subfield></datafield><datafield ind1=" " ind2=" " tag="040"><subfield code="a">NSD</subfield><subfield code="b">eng</subfield><subfield code="c">NSD</subfield><subfield code="d">OBN</subfield><subfield code="d">OCLCQ</subfield><subfield code="d">OCLCF</subfield><subfield code="d">OCLCO</subfield></datafield><datafield ind1=" " ind2=" " tag="012"><subfield code="k">1</subfield><subfield code="m">1</subfield></datafield><datafield ind1="1" ind2=" " tag="022"><subfield code="a">0883-8755</subfield><subfield code="l">0883-8755</subfield><subfield code="2">1</subfield></datafield><datafield ind1="1" ind2=" " tag="029"><subfield code="a">AU@</subfield><subfield code="b">000020382607</subfield></datafield><datafield ind1=" " ind2=" " tag="032"><subfield code="a">691040</subfield><subfield code="b">USPS</subfield></datafield><datafield ind1=" " ind2=" " tag="037"><subfield code="b">Woodward News, P.O. Box 928, Woodward, OK 73802</subfield></datafield><datafield ind1=" " ind2=" " tag="042"><subfield code="a">nsdp</subfield></datafield><datafield ind1=" " ind2=" " tag="043"><subfield code="a">n-us-ok</subfield></datafield><datafield ind1="0" ind2=" " tag="130"><subfield code="a">Woodward news (Woodward, Okla. : 1984)</subfield></datafield><datafield ind1=" " ind2="0" tag="222"><subfield code="a">Woodward news</subfield></datafield><datafield ind1="1" ind2="0" tag="245"><subfield code="a">Woodward news.</subfield></datafield><datafield ind1="3" ind2=" " tag="246"><subfield code="a">News</subfield></datafield><datafield ind1=" " ind2=" " tag="260"><subfield code="a">Woodward, OK :</subfield><subfield code="b">Arden Pub.</subfield></datafield><datafield ind1=" " ind2=" " tag="300"><subfield code="a">v.</subfield></datafield><datafield ind1=" " ind2=" " tag="310"><subfield code="a">Daily (except Monday, Thanksgiving, Christmas),</subfield><subfield code="b">&lt;Feb. 28, 1989-&gt;</subfield></datafield><datafield ind1=" " ind2=" " tag="321"><subfield code="a">Daily (except Sunday and Monday),</subfield><subfield code="b">&lt;Mar. 26, 1985-&gt;</subfield></datafield><datafield ind1=" " ind2=" " tag="588"><subfield code="a">Description based on: Vol. 84-4 (Oct. 4, 1984).</subfield></datafield><datafield ind1=" " ind2="0" tag="651"><subfield code="a">Woodward (Okla.)</subfield><subfield code="v">Newspapers.</subfield></datafield><datafield ind1=" " ind2="0" tag="651"><subfield code="a">Woodward County (Okla.)</subfield><subfield code="v">Newspapers.</subfield></datafield><datafield ind1=" " ind2="7" tag="655"><subfield code="a">Newspapers.</subfield><subfield code="2">fast</subfield><subfield code="0">(OCoLC)fst01423814</subfield></datafield><datafield ind1=" " ind2="7" tag="651"><subfield code="a">Oklahoma</subfield><subfield code="z">Woodward.</subfield><subfield code="2">fast</subfield><subfield code="0">(OCoLC)fst01220319</subfield></datafield><datafield ind1=" " ind2="7" tag="651"><subfield code="a">Oklahoma</subfield><subfield code="z">Woodward County.</subfield><subfield code="2">fast</subfield><subfield code="0">(OCoLC)fst01218293</subfield></datafield><datafield ind1=" " ind2=" " tag="752"><subfield code="a">United States</subfield><subfield code="b">Oklahoma</subfield><subfield code="c">Woodward</subfield><subfield code="d">Woodward.</subfield></datafield><datafield ind1="0" ind2="5" tag="780"><subfield code="t">Woodward journal (Woodward, Okla. : 1983)</subfield><subfield code="w">(DLC)sn 83004734</subfield><subfield code="w">(OCoLC)10024034</subfield></datafield><datafield ind1="0" ind2="5" tag="780"><subfield code="t">Woodward phoenix</subfield><subfield code="w">(DLC)sn 96093253</subfield><subfield code="w">(OCoLC)36025414</subfield></datafield><datafield ind1="0" ind2="5" tag="780"><subfield code="t">Woodward daily press</subfield><subfield code="w">(DLC)sn 86064153</subfield><subfield code="w">(OCoLC)13676526</subfield></datafield></record>